@article{NISTGaithersburg2012,
	
	archivePrefix = {arXiv},
	arxivId = {cs/0612023},
	author = {{National Institute of Standards and Technology Gaithersburg}},
	doi = {10.6028/NIST.SP.800-30r1},
	eprint = {0612023},
	isbn = {3019753058},
	issn = {01641212},
	journal = {NIST Special Publication},
	keywords = {NIST Special Publication 800-30 Revision 1 Guide f},
	edition = {1},
	pages = {95},
	pmid = {6765689},
	primaryClass = {cs},
	title = {{Guide for conducting risk assessments}},
	url = {http://nvlpubs.nist.gov/nistpubs/Legacy/SP/nistspecialpublication800-30r1.pdf},
	year = {2012}
}
@techreport{ISO27005,
	type = {Standard},
	month = jun,
	year = {2011},
	title = {{ISO/IEC 27005:2011 Information technology -- Security techniques -- Information security risk management}},
	pages = {1--68},
	edition = {2},
	address = {Geneva, CH},
	institution = {International Organization for Standardization}
}
@misc{rpi,
	title={\textit{Raspberry Pi}},
	author={},
	year={2018},
	publisher = {Wikipedia},
	organization={Wikipedia},
	howpublished={\texttt{https://es.wikipedia.org/wiki/Raspberry\_Pi}},
	note = {Accedido: 05/06/2018}
}